@misc{darknet,
  title = {{Darknet}},
  howpublished = {\url{https://github.com/AlexeyAB/darknet}},
  note = {Accessed: 2019-04-30}
}

@misc{NvidiaSpecs,
  title = {{Nvidia jetson}},
  howpublished = {\url{https://www.docdroid.net/yGXIxZu/data-sheet-nvidia-jetson-tx2-system-on-module.pdf}},
  note = {Accessed: 2019-08-23}
}

@misc{NvidiaJetson,
  title = {{Nvidia jetson}},
  howpublished = {\url{https://developer.nvidia.com/embedded/learn/get-started-jetson-nano-devkit}},
  note = {Accessed: 2019-08-23}
}

@misc{pyparrot,
  title = {{Pyparrot}},
  howpublished = {\url{https://pyparrot.readthedocs.io/en/latest/}},
  note = {Accessed: 2019-08-23}
}

@misc{Flask,
  title = {{Flask}},
  howpublished = {\url{https://pypi.org/project/Flask/}},
  note = {Accessed: 2019-08-23}
}

@misc{Flask-socketio,
  title = {{Flask-socketio}},
  howpublished = {\url{https://flask-socketio.readthedocs.io/en/latest/}},
  note = {Accessed: 2019-08-23}
}